@article{Lincoln1979,
author = {Lincoln V. Johnson and Marcia L. Walsh and Lan Bo Chen},
title = {Localization of mitochondria in living cells with rhodamine 123},
year = {1979},
volume = {77},
pages = {990-994},
journal = {Proc. Natl. Acad. Sci. USA}
}

@article{Fransson2003,
author = {Asa Fransson and Aino Ruusala and Pontus Aspenstrom},
title= {Atypical Rho GTPases Have Roles in Mitochondrial Homeostasis and Apoptosis},
year = {2003},
volume = {278},
pages = {6495-6502},
journal = {The Journal of Biological Chemistry}
}

@article{Fransson2006,
author = {Asa Fransson and Aino Ruusala and Pontus Aspenstrom},
title = {The atypical Rho GTPases Miro-1 and Miro-2 have essential roles in mitochondrial trafficking},
year = {2006},
volume = {344},
pages = {500-510},
journal = {Biochemical and Biophysical Research Communications}
}

@article{Reis2009,
author = {Katarina Reis and Asa Fransson and Pontus Aspenstrom},
title = {The {Miro} {GTPases}: At the heart of the mitochondrial transport machinery},
year = {2009},
volume = {583},
pages = {1391-1398},
journal = {Federation of European Biochemical Societies Letters}
}

@article{Loss2015,
author = "Omar Loss and F. Anne Stephenson",
title = "Localization of the Kinesin Adaptor Proteins Trafficking Kinesin Proteins 1 and 2 in Primary Cultures of Hippocampal Pyramidal and Cortical Neurons",
year = {2015},
volume = {93},
pages = {1056-1066},
journal = {Journal of Neuroscience Research}
}

@article{Hnia2011,
author = {Karim Hnia AND Helene Tronch√®re AND Kinga K. Tomczak AND Leonela Amoasii AND Patrick Schultz AND Alan H. Beggs AND Bernard Payrastre AND Jean Louis Mandel AND Jocelyn Laporte},
journal = {The Journal of Clinical Investigation},
publisher = {The American Society for Clinical Investigation},
title = {Myotubularin controls desmin intermediate filament architecture and mitochondrial dynamics in human and mouse skeletal muscle},
year = {2011},
month = {1},
volume = {121},
pages = {70-85},
}
